<?xml version="1.0" encoding="UTF-8" standalone="yes"?>
<Document xmlns="urn:iso:std:iso:20022:tech:xsd:camt.053.001.02">
    <BkToCstmrStmt>
        <GrpHdr>
            <MsgId>FIOBCZPPXXX-***-191231-12</MsgId>
            <CreDtTm>2020-01-11T22:50:44.8+01:00</CreDtTm>
            <MsgRcpt>
                <Nm>Smartbrains solutions s.r.o.</Nm>
                <PstlAdr>
                    <StrtNm>Lidická 700/19</StrtNm>
                    <PstCd>60200</PstCd>
                    <TwnNm>Brno</TwnNm>
                    <Ctry>CZ</Ctry>
                </PstlAdr>
                <Id>
                    <OrgId>
                        <Othr>
                            <Id>Smartbrains solutions s.r.o.</Id>
                        </Othr>
                    </OrgId>
                </Id>
            </MsgRcpt>
            <MsgPgntn>
                <PgNb>1</PgNb>
                <LastPgInd>true</LastPgInd>
            </MsgPgntn>
            <AddtlInf>Měsíční</AddtlInf>
        </GrpHdr>
        <Stmt>
            <Id>CZ8720100000002400910125-***-191231</Id>
            <ElctrncSeqNb>12</ElctrncSeqNb>
            <LglSeqNb>12</LglSeqNb>
            <CreDtTm>2020-01-11T22:50:44.8+01:00</CreDtTm>
            <FrToDt>
                <FrDtTm>2019-12-01T00:00:00.0+01:00</FrDtTm>
                <ToDtTm>2019-12-31T23:59:59.9+01:00</ToDtTm>
            </FrToDt>
            <Acct>
                <Id>
                    <IBAN>CZ8720100000002400910125</IBAN>
                </Id>
                <Tp>
                    <Cd>CASH</Cd>
                </Tp>
                <Ccy>EUR</Ccy>
                <Nm>Smartbrains solutions s.r.o.</Nm>
                <Ownr>
                    <Nm>Smartbrains solutions s.r.o.</Nm>
                    <PstlAdr>
                        <StrtNm>Lidická 700/19</StrtNm>
                        <PstCd>60200</PstCd>
                        <TwnNm>Brno</TwnNm>
                        <Ctry>CZ</Ctry>
                    </PstlAdr>
                    <Id>
                        <OrgId>
                            <Othr>
                                <Id>Smartbrains solutions s.r.o.</Id>
                            </Othr>
                        </OrgId>
                    </Id>
                </Ownr>
                <Svcr>
                    <FinInstnId>
                        <BIC>FIOBCZPPXXX</BIC>
                        <Nm>FIOBCZPP</Nm>
                        <PstlAdr>
                            <StrtNm>V Celnici 1028/10</StrtNm>
                            <TwnNm>117 21 Praha 1</TwnNm>
                            <Ctry>CZ</Ctry>
                        </PstlAdr>
                        <Othr>
                            <Id>2010</Id>
                            <SchmeNm>
                                <Prtry>EuroSIPS Bank Code</Prtry>
                            </SchmeNm>
                            <Issr>NBS</Issr>
                        </Othr>
                    </FinInstnId>
                </Svcr>
            </Acct>
            <Intrst>
                <Rate>
                    <Tp>
                        <Pctg>0.00</Pctg>
                    </Tp>
                </Rate>
            </Intrst>
            <Bal>
                <Tp>
                    <CdOrPrtry>
                        <Cd>PRCD</Cd>
                    </CdOrPrtry>
                </Tp>
                <Amt Ccy="EUR">21897.77</Amt>
                <CdtDbtInd>CRDT</CdtDbtInd>
                <Dt>
                    <Dt>2019-12-01</Dt>
                </Dt>
            </Bal>
            <Bal>
                <Tp>
                    <CdOrPrtry>
                        <Cd>CLBD</Cd>
                    </CdOrPrtry>
                </Tp>
                <Amt Ccy="EUR">17468.09</Amt>
                <CdtDbtInd>CRDT</CdtDbtInd>
                <Dt>
                    <Dt>2019-12-31</Dt>
                </Dt>
            </Bal>
            <TxsSummry>
                <TtlNtries>
                    <NbOfNtries>14</NbOfNtries>
                    <Sum>72489.68</Sum>
                    <TtlNetNtryAmt>4429.68</TtlNetNtryAmt>
                    <CdtDbtInd>DBIT</CdtDbtInd>
                </TtlNtries>
                <TtlCdtNtries>
                    <NbOfNtries>8</NbOfNtries>
                    <Sum>34030.00</Sum>
                </TtlCdtNtries>
                <TtlDbtNtries>
                    <NbOfNtries>6</NbOfNtries>
                    <Sum>38459.68</Sum>
                </TtlDbtNtries>
            </TxsSummry>
            <Ntry>
                <NtryRef>21982783414</NtryRef>
                <Amt Ccy="EUR">3500.00</Amt>
                <CdtDbtInd>DBIT</CdtDbtInd>
                <RvslInd>false</RvslInd>
                <Sts>BOOK</Sts>
                <BookgDt>
                    <Dt>2019-12-01</Dt>
                </BookgDt>
                <ValDt>
                    <Dt>2019-12-01</Dt>
                </ValDt>
                <BkTxCd>
                    <Prtry>
                        <Cd>10000401000</Cd>
                    </Prtry>
                </BkTxCd>
                <NtryDtls>
                    <TxDtls>
                        <Refs>
                            <MsgId>21982783414</MsgId>
                            <EndToEndId>/VS2019006/SS/KS</EndToEndId>
                        </Refs>
                        <BkTxCd>
                            <Prtry>
                                <Cd>10000401000</Cd>
                            </Prtry>
                        </BkTxCd>
                        <RltdPties>
                            <Cdtr>
                                <Nm>NOTPROVIDED</Nm>
                                <PstlAdr/>
                            </Cdtr>
                            <CdtrAcct>
                                <Id>
                                    <IBAN>SK3709000000005158209077</IBAN>
                                </Id>
                                <Nm>NOTPROVIDED</Nm>
                            </CdtrAcct>
                        </RltdPties>
                        <RltdAgts>
                            <CdtrAgt>
                                <FinInstnId>
                                    <BIC>GIBASKBXXXX</BIC>
                                </FinInstnId>
                            </CdtrAgt>
                        </RltdAgts>
                        <RmtInf>
                            <Ustrd>FA c. 2019006, obj. SK201901010</Ustrd>
                        </RmtInf>
                        <AddtlTxInf>REGEM GROUP s.r.o. - úhrada FA č.2019006</AddtlTxInf>
                    </TxDtls>
                </NtryDtls>
            </Ntry>
            <Ntry>
                <NtryRef>21984668248</NtryRef>
                <Amt Ccy="EUR">6594.00</Amt>
                <CdtDbtInd>CRDT</CdtDbtInd>
                <RvslInd>false</RvslInd>
                <Sts>BOOK</Sts>
                <BookgDt>
                    <Dt>2019-12-02</Dt>
                </BookgDt>
                <ValDt>
                    <Dt>2019-12-02</Dt>
                </ValDt>
                <BkTxCd>
                    <Prtry>
                        <Cd>10000202000</Cd>
                    </Prtry>
                </BkTxCd>
                <NtryDtls>
                    <TxDtls>
                        <Refs>
                            <MsgId>21984668248</MsgId>
                            <EndToEndId>/VS0102782019/SS/KS</EndToEndId>
                        </Refs>
                        <BkTxCd>
                            <Prtry>
                                <Cd>10000202000</Cd>
                            </Prtry>
                        </BkTxCd>
                        <RltdPties>
                            <DbtrAcct>
                                <Id>
                                    <IBAN>SK8181300000002012720004</IBAN>
                                </Id>
                            </DbtrAcct>
                        </RltdPties>
                        <RltdAgts>
                            <DbtrAgt>
                                <FinInstnId>
                                    <BIC>CITISKBA</BIC>
                                </FinInstnId>
                            </DbtrAgt>
                        </RltdAgts>
                        <RmtInf>
                            <Ustrd>UHR. FA. VF1-02782019 Smartbrains solutions s.r.o.</Ustrd>
                        </RmtInf>
                        <AddtlTxInf>Fpt Slovakia s.r.o.</AddtlTxInf>
                    </TxDtls>
                </NtryDtls>
            </Ntry>
            <Ntry>
                <NtryRef>21984668401</NtryRef>
                <Amt Ccy="EUR">2596.00</Amt>
                <CdtDbtInd>CRDT</CdtDbtInd>
                <RvslInd>false</RvslInd>
                <Sts>BOOK</Sts>
                <BookgDt>
                    <Dt>2019-12-02</Dt>
                </BookgDt>
                <ValDt>
                    <Dt>2019-12-02</Dt>
                </ValDt>
                <BkTxCd>
                    <Prtry>
                        <Cd>10000202000</Cd>
                    </Prtry>
                </BkTxCd>
                <NtryDtls>
                    <TxDtls>
                        <Refs>
                            <MsgId>21984668401</MsgId>
                            <EndToEndId>/VS0102772019/SS/KS</EndToEndId>
                        </Refs>
                        <BkTxCd>
                            <Prtry>
                                <Cd>10000202000</Cd>
                            </Prtry>
                        </BkTxCd>
                        <RltdPties>
                            <DbtrAcct>
                                <Id>
                                    <IBAN>SK8181300000002012720004</IBAN>
                                </Id>
                            </DbtrAcct>
                        </RltdPties>
                        <RltdAgts>
                            <DbtrAgt>
                                <FinInstnId>
                                    <BIC>CITISKBA</BIC>
                                </FinInstnId>
                            </DbtrAgt>
                        </RltdAgts>
                        <RmtInf>
                            <Ustrd>UHR. FA. VF1-02772019 Smartbrains solutions s.r.o.</Ustrd>
                        </RmtInf>
                        <AddtlTxInf>Fpt Slovakia s.r.o.</AddtlTxInf>
                    </TxDtls>
                </NtryDtls>
            </Ntry>
            <Ntry>
                <NtryRef>21984668732</NtryRef>
                <Amt Ccy="EUR">5320.00</Amt>
                <CdtDbtInd>CRDT</CdtDbtInd>
                <RvslInd>false</RvslInd>
                <Sts>BOOK</Sts>
                <BookgDt>
                    <Dt>2019-12-02</Dt>
                </BookgDt>
                <ValDt>
                    <Dt>2019-12-02</Dt>
                </ValDt>
                <BkTxCd>
                    <Prtry>
                        <Cd>10000202000</Cd>
                    </Prtry>
                </BkTxCd>
                <NtryDtls>
                    <TxDtls>
                        <Refs>
                            <MsgId>21984668732</MsgId>
                            <EndToEndId>/VS0102792019/SS/KS</EndToEndId>
                        </Refs>
                        <BkTxCd>
                            <Prtry>
                                <Cd>10000202000</Cd>
                            </Prtry>
                        </BkTxCd>
                        <RltdPties>
                            <DbtrAcct>
                                <Id>
                                    <IBAN>SK8181300000002012720004</IBAN>
                                </Id>
                            </DbtrAcct>
                        </RltdPties>
                        <RltdAgts>
                            <DbtrAgt>
                                <FinInstnId>
                                    <BIC>CITISKBA</BIC>
                                </FinInstnId>
                            </DbtrAgt>
                        </RltdAgts>
                        <RmtInf>
                            <Ustrd>UHR. FA. VF1-02792019 Smartbrains solutions s.r.o.</Ustrd>
                        </RmtInf>
                        <AddtlTxInf>Fpt Slovakia s.r.o.</AddtlTxInf>
                    </TxDtls>
                </NtryDtls>
            </Ntry>
            <Ntry>
                <NtryRef>21990207818</NtryRef>
                <Amt Ccy="EUR">3600.00</Amt>
                <CdtDbtInd>CRDT</CdtDbtInd>
                <RvslInd>false</RvslInd>
                <Sts>BOOK</Sts>
                <BookgDt>
                    <Dt>2019-12-09</Dt>
                </BookgDt>
                <ValDt>
                    <Dt>2019-12-09</Dt>
                </ValDt>
                <BkTxCd>
                    <Prtry>
                        <Cd>10000202000</Cd>
                    </Prtry>
                </BkTxCd>
                <NtryDtls>
                    <TxDtls>
                        <Refs>
                            <MsgId>21990207818</MsgId>
                        </Refs>
                        <BkTxCd>
                            <Prtry>
                                <Cd>10000202000</Cd>
                            </Prtry>
                        </BkTxCd>
                        <RltdPties>
                            <DbtrAcct>
                                <Id>
                                    <IBAN>SK0875000000004020183914</IBAN>
                                </Id>
                            </DbtrAcct>
                        </RltdPties>
                        <RltdAgts>
                            <DbtrAgt>
                                <FinInstnId>
                                    <BIC>CEKOSKBX</BIC>
                                </FinInstnId>
                            </DbtrAgt>
                        </RltdAgts>
                        <RmtInf>
                            <Ustrd>/DO2019-12-06/SP10300/GlobalLogic s.r.o./Smartbrains solutions s.r.o.,
                                -VS102892019/SS/KS
                            </Ustrd>
                        </RmtInf>
                        <AddtlTxInf>GLOBALLOGIC S.R.O.</AddtlTxInf>
                    </TxDtls>
                </NtryDtls>
            </Ntry>
            <Ntry>
                <NtryRef>21992942689</NtryRef>
                <Amt Ccy="EUR">4750.00</Amt>
                <CdtDbtInd>CRDT</CdtDbtInd>
                <RvslInd>false</RvslInd>
                <Sts>BOOK</Sts>
                <BookgDt>
                    <Dt>2019-12-11</Dt>
                </BookgDt>
                <ValDt>
                    <Dt>2019-12-11</Dt>
                </ValDt>
                <BkTxCd>
                    <Prtry>
                        <Cd>10000202000</Cd>
                    </Prtry>
                </BkTxCd>
                <NtryDtls>
                    <TxDtls>
                        <Refs>
                            <MsgId>21992942689</MsgId>
                            <EndToEndId>/VS102902019/SS/KS0308</EndToEndId>
                        </Refs>
                        <BkTxCd>
                            <Prtry>
                                <Cd>10000202000</Cd>
                            </Prtry>
                        </BkTxCd>
                        <RltdPties>
                            <DbtrAcct>
                                <Id>
                                    <IBAN>SK7711000000002629081783</IBAN>
                                </Id>
                            </DbtrAcct>
                        </RltdPties>
                        <RltdAgts>
                            <DbtrAgt>
                                <FinInstnId>
                                    <BIC>TATRSKBXXXX</BIC>
                                </FinInstnId>
                            </DbtrAgt>
                        </RltdAgts>
                        <RmtInf>
                            <Ustrd>/DO2019-12-10/SP</Ustrd>
                        </RmtInf>
                        <AddtlTxInf>QBSW, a.s.</AddtlTxInf>
                    </TxDtls>
                </NtryDtls>
            </Ntry>
            <Ntry>
                <NtryRef>22006995120</NtryRef>
                <Amt Ccy="EUR">14350.60</Amt>
                <CdtDbtInd>DBIT</CdtDbtInd>
                <RvslInd>false</RvslInd>
                <Sts>BOOK</Sts>
                <BookgDt>
                    <Dt>2019-12-29</Dt>
                </BookgDt>
                <ValDt>
                    <Dt>2019-12-29</Dt>
                </ValDt>
                <BkTxCd>
                    <Prtry>
                        <Cd>10000101000</Cd>
                    </Prtry>
                </BkTxCd>
                <NtryDtls>
                    <TxDtls>
                        <Refs>
                            <MsgId>22006995120</MsgId>
                            <EndToEndId>/VS20190009/SS/KS0308</EndToEndId>
                        </Refs>
                        <BkTxCd>
                            <Prtry>
                                <Cd>10000101000</Cd>
                            </Prtry>
                        </BkTxCd>
                        <RltdPties>
                            <CdtrAcct>
                                <Id>
                                    <IBAN>CZ6820100000002301713708</IBAN>
                                </Id>
                            </CdtrAcct>
                        </RltdPties>
                        <RltdAgts>
                            <CdtrAgt>
                                <FinInstnId>
                                    <BIC>FIOBCZPPXXX</BIC>
                                </FinInstnId>
                            </CdtrAgt>
                        </RltdAgts>
                        <RmtInf>
                            <Ustrd>Uhrada FA c.20190009</Ustrd>
                        </RmtInf>
                        <AddtlTxInf>Úhrada FA č.20190009</AddtlTxInf>
                    </TxDtls>
                </NtryDtls>
            </Ntry>
            <Ntry>
                <NtryRef>22007311763</NtryRef>
                <Amt Ccy="EUR">4827.90</Amt>
                <CdtDbtInd>DBIT</CdtDbtInd>
                <RvslInd>false</RvslInd>
                <Sts>BOOK</Sts>
                <BookgDt>
                    <Dt>2019-12-30</Dt>
                </BookgDt>
                <ValDt>
                    <Dt>2019-12-30</Dt>
                </ValDt>
                <BkTxCd>
                    <Prtry>
                        <Cd>10000401000</Cd>
                    </Prtry>
                </BkTxCd>
                <NtryDtls>
                    <TxDtls>
                        <Refs>
                            <MsgId>22007311763</MsgId>
                            <EndToEndId>/VS20190012/SS/KS0308</EndToEndId>
                        </Refs>
                        <BkTxCd>
                            <Prtry>
                                <Cd>10000401000</Cd>
                            </Prtry>
                        </BkTxCd>
                        <RltdPties>
                            <Cdtr>
                                <Nm>Stefan Zima</Nm>
                                <PstlAdr/>
                            </Cdtr>
                            <CdtrAcct>
                                <Id>
                                    <IBAN>SK9783605207004206465311</IBAN>
                                </Id>
                                <Nm>Stefan Zima</Nm>
                            </CdtrAcct>
                        </RltdPties>
                        <RltdAgts>
                            <CdtrAgt>
                                <FinInstnId>
                                    <BIC>BREXSKBXXXX</BIC>
                                </FinInstnId>
                            </CdtrAgt>
                        </RltdAgts>
                        <RmtInf>
                            <Ustrd>Uhrada FA c.20190012</Ustrd>
                        </RmtInf>
                        <AddtlTxInf>Úhrada FA č.20190012</AddtlTxInf>
                    </TxDtls>
                </NtryDtls>
            </Ntry>
            <Ntry>
                <NtryRef>22007311764</NtryRef>
                <Amt Ccy="EUR">9291.00</Amt>
                <CdtDbtInd>DBIT</CdtDbtInd>
                <RvslInd>false</RvslInd>
                <Sts>BOOK</Sts>
                <BookgDt>
                    <Dt>2019-12-30</Dt>
                </BookgDt>
                <ValDt>
                    <Dt>2019-12-30</Dt>
                </ValDt>
                <BkTxCd>
                    <Prtry>
                        <Cd>10000101000</Cd>
                    </Prtry>
                </BkTxCd>
                <NtryDtls>
                    <TxDtls>
                        <Refs>
                            <MsgId>22007311764</MsgId>
                            <EndToEndId>/VS20190008/SS/KS0308</EndToEndId>
                        </Refs>
                        <BkTxCd>
                            <Prtry>
                                <Cd>10000101000</Cd>
                            </Prtry>
                        </BkTxCd>
                        <RltdPties>
                            <CdtrAcct>
                                <Id>
                                    <IBAN>CZ6820100000002101399881</IBAN>
                                </Id>
                            </CdtrAcct>
                        </RltdPties>
                        <RltdAgts>
                            <CdtrAgt>
                                <FinInstnId>
                                    <BIC>FIOBCZPPXXX</BIC>
                                </FinInstnId>
                            </CdtrAgt>
                        </RltdAgts>
                        <RmtInf>
                            <Ustrd>Uhrada FA c.20190008</Ustrd>
                        </RmtInf>
                        <AddtlTxInf>Úhrada FA č.20190008</AddtlTxInf>
                    </TxDtls>
                </NtryDtls>
            </Ntry>
            <Ntry>
                <NtryRef>22007311765</NtryRef>
                <Amt Ccy="EUR">3942.18</Amt>
                <CdtDbtInd>DBIT</CdtDbtInd>
                <RvslInd>false</RvslInd>
                <Sts>BOOK</Sts>
                <BookgDt>
                    <Dt>2019-12-30</Dt>
                </BookgDt>
                <ValDt>
                    <Dt>2019-12-30</Dt>
                </ValDt>
                <BkTxCd>
                    <Prtry>
                        <Cd>10000101000</Cd>
                    </Prtry>
                </BkTxCd>
                <NtryDtls>
                    <TxDtls>
                        <Refs>
                            <MsgId>22007311765</MsgId>
                            <EndToEndId>/VS20190010/SS/KS0308</EndToEndId>
                        </Refs>
                        <BkTxCd>
                            <Prtry>
                                <Cd>10000101000</Cd>
                            </Prtry>
                        </BkTxCd>
                        <RltdPties>
                            <CdtrAcct>
                                <Id>
                                    <IBAN>CZ6820100000002301713708</IBAN>
                                </Id>
                            </CdtrAcct>
                        </RltdPties>
                        <RltdAgts>
                            <CdtrAgt>
                                <FinInstnId>
                                    <BIC>FIOBCZPPXXX</BIC>
                                </FinInstnId>
                            </CdtrAgt>
                        </RltdAgts>
                        <RmtInf>
                            <Ustrd>Uhrada FA c.20190010</Ustrd>
                        </RmtInf>
                        <AddtlTxInf>Úhrada FA č.20190010</AddtlTxInf>
                    </TxDtls>
                </NtryDtls>
            </Ntry>
            <Ntry>
                <NtryRef>22007311766</NtryRef>
                <Amt Ccy="EUR">2548.00</Amt>
                <CdtDbtInd>DBIT</CdtDbtInd>
                <RvslInd>false</RvslInd>
                <Sts>BOOK</Sts>
                <BookgDt>
                    <Dt>2019-12-30</Dt>
                </BookgDt>
                <ValDt>
                    <Dt>2019-12-30</Dt>
                </ValDt>
                <BkTxCd>
                    <Prtry>
                        <Cd>10000101000</Cd>
                    </Prtry>
                </BkTxCd>
                <NtryDtls>
                    <TxDtls>
                        <Refs>
                            <MsgId>22007311766</MsgId>
                            <EndToEndId>/VS20190009/SS/KS0308</EndToEndId>
                        </Refs>
                        <BkTxCd>
                            <Prtry>
                                <Cd>10000101000</Cd>
                            </Prtry>
                        </BkTxCd>
                        <RltdPties>
                            <CdtrAcct>
                                <Id>
                                    <IBAN>CZ6820100000002101399881</IBAN>
                                </Id>
                            </CdtrAcct>
                        </RltdPties>
                        <RltdAgts>
                            <CdtrAgt>
                                <FinInstnId>
                                    <BIC>FIOBCZPPXXX</BIC>
                                </FinInstnId>
                            </CdtrAgt>
                        </RltdAgts>
                        <RmtInf>
                            <Ustrd>Uhrada FA c.20190009</Ustrd>
                        </RmtInf>
                        <AddtlTxInf>Úhrada FA č.20190009</AddtlTxInf>
                    </TxDtls>
                </NtryDtls>
            </Ntry>
            <Ntry>
                <NtryRef>22008369882</NtryRef>
                <Amt Ccy="EUR">2520.00</Amt>
                <CdtDbtInd>CRDT</CdtDbtInd>
                <RvslInd>false</RvslInd>
                <Sts>BOOK</Sts>
                <BookgDt>
                    <Dt>2019-12-31</Dt>
                </BookgDt>
                <ValDt>
                    <Dt>2019-12-31</Dt>
                </ValDt>
                <BkTxCd>
                    <Prtry>
                        <Cd>10000202000</Cd>
                    </Prtry>
                </BkTxCd>
                <NtryDtls>
                    <TxDtls>
                        <Refs>
                            <MsgId>22008369882</MsgId>
                            <EndToEndId>/VS0102882019/SS/KS</EndToEndId>
                        </Refs>
                        <BkTxCd>
                            <Prtry>
                                <Cd>10000202000</Cd>
                            </Prtry>
                        </BkTxCd>
                        <RltdPties>
                            <DbtrAcct>
                                <Id>
                                    <IBAN>SK8181300000002012720004</IBAN>
                                </Id>
                            </DbtrAcct>
                        </RltdPties>
                        <RltdAgts>
                            <DbtrAgt>
                                <FinInstnId>
                                    <BIC>CITISKBA</BIC>
                                </FinInstnId>
                            </DbtrAgt>
                        </RltdAgts>
                        <RmtInf>
                            <Ustrd>UHR. FA. VF1-02882019 Smartbrains solutions s.r.o.</Ustrd>
                        </RmtInf>
                        <AddtlTxInf>Fpt Slovakia s.r.o.</AddtlTxInf>
                    </TxDtls>
                </NtryDtls>
            </Ntry>
            <Ntry>
                <NtryRef>22008369883</NtryRef>
                <Amt Ccy="EUR">4800.00</Amt>
                <CdtDbtInd>CRDT</CdtDbtInd>
                <RvslInd>false</RvslInd>
                <Sts>BOOK</Sts>
                <BookgDt>
                    <Dt>2019-12-31</Dt>
                </BookgDt>
                <ValDt>
                    <Dt>2019-12-31</Dt>
                </ValDt>
                <BkTxCd>
                    <Prtry>
                        <Cd>10000202000</Cd>
                    </Prtry>
                </BkTxCd>
                <NtryDtls>
                    <TxDtls>
                        <Refs>
                            <MsgId>22008369883</MsgId>
                            <EndToEndId>/VS0102872019/SS/KS</EndToEndId>
                        </Refs>
                        <BkTxCd>
                            <Prtry>
                                <Cd>10000202000</Cd>
                            </Prtry>
                        </BkTxCd>
                        <RltdPties>
                            <DbtrAcct>
                                <Id>
                                    <IBAN>SK8181300000002012720004</IBAN>
                                </Id>
                            </DbtrAcct>
                        </RltdPties>
                        <RltdAgts>
                            <DbtrAgt>
                                <FinInstnId>
                                    <BIC>CITISKBA</BIC>
                                </FinInstnId>
                            </DbtrAgt>
                        </RltdAgts>
                        <RmtInf>
                            <Ustrd>UHR. FA. VF1-02872019 Smartbrains solutions s.r.o.</Ustrd>
                        </RmtInf>
                        <AddtlTxInf>Fpt Slovakia s.r.o.</AddtlTxInf>
                    </TxDtls>
                </NtryDtls>
            </Ntry>
            <Ntry>
                <NtryRef>22008369888</NtryRef>
                <Amt Ccy="EUR">3850.00</Amt>
                <CdtDbtInd>CRDT</CdtDbtInd>
                <RvslInd>false</RvslInd>
                <Sts>BOOK</Sts>
                <BookgDt>
                    <Dt>2019-12-31</Dt>
                </BookgDt>
                <ValDt>
                    <Dt>2019-12-31</Dt>
                </ValDt>
                <BkTxCd>
                    <Prtry>
                        <Cd>10000202000</Cd>
                    </Prtry>
                </BkTxCd>
                <NtryDtls>
                    <TxDtls>
                        <Refs>
                            <MsgId>22008369888</MsgId>
                            <EndToEndId>/VS0102862019/SS/KS</EndToEndId>
                        </Refs>
                        <BkTxCd>
                            <Prtry>
                                <Cd>10000202000</Cd>
                            </Prtry>
                        </BkTxCd>
                        <RltdPties>
                            <DbtrAcct>
                                <Id>
                                    <IBAN>SK8181300000002012720004</IBAN>
                                </Id>
                            </DbtrAcct>
                        </RltdPties>
                        <RltdAgts>
                            <DbtrAgt>
                                <FinInstnId>
                                    <BIC>CITISKBA</BIC>
                                </FinInstnId>
                            </DbtrAgt>
                        </RltdAgts>
                        <RmtInf>
                            <Ustrd>UHR. FA. VF1-02862019 Smartbrains solutions s.r.o.</Ustrd>
                        </RmtInf>
                        <AddtlTxInf>Fpt Slovakia s.r.o.</AddtlTxInf>
                    </TxDtls>
                </NtryDtls>
            </Ntry>
        </Stmt>
    </BkToCstmrStmt>
</Document>