<?xml version="1.0" encoding="utf-8" standalone="yes"?>
<Document xmlns="urn:iso:std:iso:20022:tech:xsd:camt.053.001.02">
    <BkToCstmrStmt>
        <GrpHdr>
            <MsgId>TATRSKBXXXX-***-200304-000030359133</MsgId>
            <CreDtTm>2020-03-04T09:30:04.0+01:00</CreDtTm>
        </GrpHdr>
        <Stmt>
            <Id>SK0811000000002923847110-001-200303</Id>
            <ElctrncSeqNb>1</ElctrncSeqNb>
            <LglSeqNb>1</LglSeqNb>
            <CreDtTm>2020-03-04T09:30:04.0+01:00</CreDtTm>
            <FrToDt>
                <FrDtTm>2020-03-01T00:00:00.0+01:00</FrDtTm>
                <ToDtTm>2020-03-03T00:00:00.0+01:00</ToDtTm>
            </FrToDt>
            <Acct>
                <Id>
                    <IBAN>SK0811000000002923847110</IBAN>
                </Id>
                <Tp>
                    <Prtry>BU</Prtry>
                </Tp>
                <Ccy>EUR</Ccy>
                <Nm>M - TINKER, s. r. o.</Nm>
                <Ownr>
                    <Nm>M - TINKER, s. r. o.</Nm>
                    <PstlAdr>
                        <StrtNm>Clementisova</StrtNm>
                        <BldgNb>1825</BldgNb>
                        <PstCd>01861</PstCd>
                        <TwnNm>Beluša</TwnNm>
                        <Ctry>SK</Ctry>
                    </PstlAdr>
                    <Id>
                        <OrgId>
                            <Othr>
                                <Id>GF5377</Id>
                                <SchmeNm>
                                    <Cd>BANK</Cd>
                                </SchmeNm>
                                <Issr>TATRSKBXXXX</Issr>
                            </Othr>
                            <Othr>
                                <Id>45927324</Id>
                                <SchmeNm>
                                    <Prtry>ICO</Prtry>
                                </SchmeNm>
                                <Issr>ORSR</Issr>
                            </Othr>
                        </OrgId>
                    </Id>
                </Ownr>
            </Acct>
            <Bal>
                <Tp>
                    <CdOrPrtry>
                        <Cd>PRCD</Cd>
                    </CdOrPrtry>
                </Tp>
                <Amt Ccy="EUR">20023.08</Amt>
                <CdtDbtInd>CRDT</CdtDbtInd>
                <Dt>
                    <Dt>2020-03-03</Dt>
                </Dt>
            </Bal>
            <Bal>
                <Tp>
                    <CdOrPrtry>
                        <Cd>OPBD</Cd>
                    </CdOrPrtry>
                </Tp>
                <Amt Ccy="EUR">20023.08</Amt>
                <CdtDbtInd>CRDT</CdtDbtInd>
                <Dt>
                    <Dt>2020-03-01</Dt>
                </Dt>
            </Bal>
            <Bal>
                <Tp>
                    <CdOrPrtry>
                        <Cd>CLBD</Cd>
                    </CdOrPrtry>
                </Tp>
                <Amt Ccy="EUR">21262.72</Amt>
                <CdtDbtInd>CRDT</CdtDbtInd>
                <Dt>
                    <Dt>2020-03-02</Dt>
                </Dt>
            </Bal>
            <Bal>
                <Tp>
                    <CdOrPrtry>
                        <Cd>CLBD</Cd>
                    </CdOrPrtry>
                </Tp>
                <Amt Ccy="EUR">21363.28</Amt>
                <CdtDbtInd>CRDT</CdtDbtInd>
                <Dt>
                    <Dt>2020-03-03</Dt>
                </Dt>
            </Bal>
            <TxsSummry>
                <TtlNtries>
                    <NbOfNtries>6</NbOfNtries>
                    <TtlNetNtryAmt>1340.20</TtlNetNtryAmt>
                    <CdtDbtInd>CRDT</CdtDbtInd>
                </TtlNtries>
                <TtlCdtNtries>
                    <NbOfNtries>2</NbOfNtries>
                    <Sum>1841.47</Sum>
                </TtlCdtNtries>
                <TtlDbtNtries>
                    <NbOfNtries>4</NbOfNtries>
                    <Sum>501.27</Sum>
                </TtlDbtNtries>
            </TxsSummry>
            <Ntry>
                <NtryRef>2016945358784</NtryRef>
                <Amt Ccy="EUR">5.46</Amt>
                <CdtDbtInd>DBIT</CdtDbtInd>
                <Sts>BOOK</Sts>
                <BookgDt>
                    <Dt>2020-03-02</Dt>
                </BookgDt>
                <ValDt>
                    <Dt>2020-03-02</Dt>
                </ValDt>
                <BkTxCd>
                    <Prtry>
                        <Cd>10000502000</Cd>
                        <Issr>SBA</Issr>
                    </Prtry>
                </BkTxCd>
                <NtryDtls>
                    <TxDtls>
                        <Refs>
                            <AcctSvcrRef>II20021789045430</AcctSvcrRef>
                            <EndToEndId>/VS9040135928/SS/KS0000000134</EndToEndId>
                            <TxId>PI20021789045430</TxId>
                            <MndtId>9040135928</MndtId>
                            <Prtry>
                                <Tp>BulkID</Tp>
                                <Ref>M20030248799847</Ref>
                            </Prtry>
                        </Refs>
                        <BkTxCd>
                            <Domn>
                                <Cd>PMNT</Cd>
                                <Fmly>
                                    <Cd>RDDT</Cd>
                                    <SubFmlyCd>ESDD</SubFmlyCd>
                                </Fmly>
                            </Domn>
                        </BkTxCd>
                        <RltdPties>
                            <Cdtr>
                                <Nm>UNIQA POISŤOVŇA A.S.</Nm>
                                <PstlAdr>
                                    <Ctry>SK</Ctry>
                                    <AdrLine>Lazaretska 15, 820 07 Bratislava 27</AdrLine>
                                </PstlAdr>
                                <Id>
                                    <PrvtId>
                                        <Othr>
                                            <Id>SK69ZZZ70000000189</Id>
                                            <SchmeNm>
                                                <Prtry>CID</Prtry>
                                            </SchmeNm>
                                        </Othr>
                                    </PrvtId>
                                </Id>
                            </Cdtr>
                            <CdtrAcct>
                                <Id>
                                    <IBAN>SK8411000000002623828137</IBAN>
                                </Id>
                            </CdtrAcct>
                        </RltdPties>
                        <RltdAgts>
                            <CdtrAgt>
                                <FinInstnId>
                                    <BIC>TATRSKBX</BIC>
                                </FinInstnId>
                            </CdtrAgt>
                        </RltdAgts>
                        <RltdDts>
                            <IntrBkSttlmDt>2020-03-02</IntrBkSttlmDt>
                            <TxDtTm>2020-03-02T11:31:34.7+01:00</TxDtTm>
                            <Prtry>
                                <Tp>MandateSign</Tp>
                                <Dt>
                                    <Dt>2019-05-31</Dt>
                                </Dt>
                            </Prtry>
                        </RltdDts>
                    </TxDtls>
                </NtryDtls>
                <AddtlNtryInf>&lt;NtryInf Ctg="SDD310" Ini="***" BkCh="PTS" Mthd="S" CPAL="I" SqTp="RCUR"
                    xmlns="urn:CurrentAccount:Statements:DataFile"&gt;&lt;Nrtv&gt;CC 1100/000000-2623828137&lt;/Nrtv&gt;&lt;/NtryInf&gt;
                </AddtlNtryInf>
            </Ntry>
            <Ntry>
                <NtryRef>2016939575105</NtryRef>
                <Amt Ccy="EUR">55.01</Amt>
                <CdtDbtInd>DBIT</CdtDbtInd>
                <Sts>BOOK</Sts>
                <BookgDt>
                    <Dt>2020-03-02</Dt>
                </BookgDt>
                <ValDt>
                    <Dt>2020-03-02</Dt>
                </ValDt>
                <BkTxCd>
                    <Prtry>
                        <Cd>30000201000</Cd>
                        <Issr>SBA</Issr>
                    </Prtry>
                </BkTxCd>
                <NtryDtls>
                    <TxDtls>
                        <Refs>
                            <AcctSvcrRef>VP20030200864713</AcctSvcrRef>
                            <TxId>000000002972381599</TxId>
                            <ChqNb>************2430</ChqNb>
                            <Prtry>
                                <Tp>CardNumber</Tp>
                                <Ref>************2430</Ref>
                            </Prtry>
                        </Refs>
                        <AmtDtls>
                            <InstdAmt>
                                <Amt Ccy="EUR">55.01</Amt>
                            </InstdAmt>
                        </AmtDtls>
                        <RltdPties>
                            <InitgPty>
                                <Nm>ADAMIČKA MILOŠ</Nm>
                            </InitgPty>
                            <TradgPty>
                                <Nm>SHELL 8230</Nm>
                            </TradgPty>
                            <Prtry>
                                <Tp>CardAssociation</Tp>
                                <Pty>
                                    <Nm>VISA</Nm>
                                </Pty>
                            </Prtry>
                        </RltdPties>
                        <RltdAgts>
                            <Prtry>
                                <Tp>CardAcquier</Tp>
                                <Agt>
                                    <FinInstnId/>
                                    <BrnchId>
                                        <Nm>SHELL 8230</Nm>
                                        <PstlAdr>
                                            <AdrLine>PUCHOV</AdrLine>
                                        </PstlAdr>
                                    </BrnchId>
                                </Agt>
                            </Prtry>
                            <Prtry>
                                <Tp>CardIssuer</Tp>
                                <Agt>
                                    <FinInstnId>
                                        <BIC>TATRSKBXXXX</BIC>
                                        <Nm>Tatra banka a.s.</Nm>
                                    </FinInstnId>
                                </Agt>
                            </Prtry>
                        </RltdAgts>
                        <RltdDts>
                            <TxDtTm>2020-03-02T16:11:26.7+01:00</TxDtTm>
                            <Prtry>
                                <Tp>CMSProcessing</Tp>
                                <Dt>
                                    <Dt>2020-02-29</Dt>
                                </Dt>
                            </Prtry>
                            <Prtry>
                                <Tp>POSTransaction</Tp>
                                <Dt>
                                    <DtTm>2020-02-28T11:19:20.0+01:00</DtTm>
                                </Dt>
                            </Prtry>
                        </RltdDts>
                    </TxDtls>
                </NtryDtls>
                <AddtlNtryInf>&lt;NtryInf Ctg="Crd410" Ini="POS" BkCh="ISS" Mthd="O" CPAL="I" MCC="5541"
                    xmlns="urn:CurrentAccount:Statements:DataFile"&gt;&lt;Nrtv&gt;VE POS nákup&lt;/Nrtv&gt;&lt;/NtryInf&gt;
                </AddtlNtryInf>
            </Ntry>
            <Ntry>
                <NtryRef>2016937412334</NtryRef>
                <Amt Ccy="EUR">99.46</Amt>
                <CdtDbtInd>DBIT</CdtDbtInd>
                <Sts>BOOK</Sts>
                <BookgDt>
                    <Dt>2020-03-02</Dt>
                </BookgDt>
                <ValDt>
                    <Dt>2020-03-02</Dt>
                </ValDt>
                <BkTxCd>
                    <Prtry>
                        <Cd>30000201000</Cd>
                        <Issr>SBA</Issr>
                    </Prtry>
                </BkTxCd>
                <NtryDtls>
                    <TxDtls>
                        <Refs>
                            <AcctSvcrRef>VP20030200867176</AcctSvcrRef>
                            <TxId>000000002972381601</TxId>
                            <ChqNb>************2906</ChqNb>
                            <Prtry>
                                <Tp>CardNumber</Tp>
                                <Ref>************2906</Ref>
                            </Prtry>
                        </Refs>
                        <AmtDtls>
                            <InstdAmt>
                                <Amt Ccy="EUR">99.46</Amt>
                            </InstdAmt>
                        </AmtDtls>
                        <RltdPties>
                            <InitgPty>
                                <Nm>ADAMIČKA MILOŠ</Nm>
                            </InitgPty>
                            <TradgPty>
                                <Nm>SHELL 8250</Nm>
                            </TradgPty>
                            <Prtry>
                                <Tp>CardAssociation</Tp>
                                <Pty>
                                    <Nm>VISA</Nm>
                                </Pty>
                            </Prtry>
                        </RltdPties>
                        <RltdAgts>
                            <Prtry>
                                <Tp>CardAcquier</Tp>
                                <Agt>
                                    <FinInstnId/>
                                    <BrnchId>
                                        <Nm>SHELL 8250</Nm>
                                        <PstlAdr>
                                            <AdrLine>SLADKOVICOVA</AdrLine>
                                        </PstlAdr>
                                    </BrnchId>
                                </Agt>
                            </Prtry>
                            <Prtry>
                                <Tp>CardIssuer</Tp>
                                <Agt>
                                    <FinInstnId>
                                        <BIC>TATRSKBXXXX</BIC>
                                        <Nm>Tatra banka a.s.</Nm>
                                    </FinInstnId>
                                </Agt>
                            </Prtry>
                        </RltdAgts>
                        <RltdDts>
                            <TxDtTm>2020-03-02T16:13:50.2+01:00</TxDtTm>
                            <Prtry>
                                <Tp>CMSProcessing</Tp>
                                <Dt>
                                    <Dt>2020-02-29</Dt>
                                </Dt>
                            </Prtry>
                            <Prtry>
                                <Tp>POSTransaction</Tp>
                                <Dt>
                                    <DtTm>2020-02-27T10:42:25.0+01:00</DtTm>
                                </Dt>
                            </Prtry>
                        </RltdDts>
                    </TxDtls>
                </NtryDtls>
                <AddtlNtryInf>&lt;NtryInf Ctg="Crd410" Ini="POS" BkCh="ISS" Mthd="O" CPAL="I" MCC="5541"
                    xmlns="urn:CurrentAccount:Statements:DataFile"&gt;&lt;Nrtv&gt;VE POS nákup&lt;/Nrtv&gt;&lt;/NtryInf&gt;
                </AddtlNtryInf>
            </Ntry>
            <Ntry>
                <NtryRef>2016944837785</NtryRef>
                <Amt Ccy="EUR">1399.57</Amt>
                <CdtDbtInd>CRDT</CdtDbtInd>
                <Sts>BOOK</Sts>
                <BookgDt>
                    <Dt>2020-03-02</Dt>
                </BookgDt>
                <ValDt>
                    <Dt>2020-03-02</Dt>
                </ValDt>
                <BkTxCd>
                    <Prtry>
                        <Cd>10000403000</Cd>
                        <Issr>SBA</Issr>
                    </Prtry>
                </BkTxCd>
                <NtryDtls>
                    <TxDtls>
                        <Refs>
                            <AcctSvcrRef>PP20030292171185</AcctSvcrRef>
                            <EndToEndId>/VS20200019/SS/KS</EndToEndId>
                            <TxId>2005912051427475</TxId>
                            <Prtry>
                                <Tp>BulkID</Tp>
                                <Ref>PB20030292174964</Ref>
                            </Prtry>
                        </Refs>
                        <BkTxCd>
                            <Domn>
                                <Cd>PMNT</Cd>
                                <Fmly>
                                    <Cd>RCDT</Cd>
                                    <SubFmlyCd>ESCT</SubFmlyCd>
                                </Fmly>
                            </Domn>
                        </BkTxCd>
                        <RltdPties>
                            <Dbtr>
                                <Nm>KOPEK PLUS, S.R.O.</Nm>
                                <PstlAdr>
                                    <Ctry>SK</Ctry>
                                    <AdrLine>BERNOLAKOVA 46</AdrLine>
                                    <AdrLine>02001 Púchov</AdrLine>
                                </PstlAdr>
                            </Dbtr>
                            <DbtrAcct>
                                <Id>
                                    <IBAN>SK4802000000003075989654</IBAN>
                                </Id>
                            </DbtrAcct>
                        </RltdPties>
                        <RltdAgts>
                            <DbtrAgt>
                                <FinInstnId>
                                    <BIC>SUBASKBX</BIC>
                                </FinInstnId>
                            </DbtrAgt>
                        </RltdAgts>
                        <RltdDts>
                            <IntrBkSttlmDt>2020-03-02</IntrBkSttlmDt>
                            <TxDtTm>2020-03-02T09:28:10.7+01:00</TxDtTm>
                        </RltdDts>
                    </TxDtls>
                </NtryDtls>
                <AddtlNtryInf>&lt;NtryInf Ctg="Pay310" Ini="***" BkCh="PTS" Mthd="S" CPAL="D"
                    xmlns="urn:CurrentAccount:Statements:DataFile"&gt;&lt;Nrtv&gt;PLATBA 0200/000000-3075989654&lt;/Nrtv&gt;&lt;/NtryInf&gt;
                </AddtlNtryInf>
            </Ntry>
            <Ntry>
                <NtryRef>2016940481001</NtryRef>
                <Amt Ccy="EUR">341.34</Amt>
                <CdtDbtInd>DBIT</CdtDbtInd>
                <Sts>BOOK</Sts>
                <BookgDt>
                    <Dt>2020-03-03</Dt>
                </BookgDt>
                <ValDt>
                    <Dt>2020-03-03</Dt>
                </ValDt>
                <BkTxCd>
                    <Prtry>
                        <Cd>30000201000</Cd>
                        <Issr>SBA</Issr>
                    </Prtry>
                </BkTxCd>
                <NtryDtls>
                    <TxDtls>
                        <Refs>
                            <AcctSvcrRef>VP20030300314117</AcctSvcrRef>
                            <TxId>000000002974316346</TxId>
                            <ChqNb>************2906</ChqNb>
                            <Prtry>
                                <Tp>CardNumber</Tp>
                                <Ref>************2906</Ref>
                            </Prtry>
                        </Refs>
                        <AmtDtls>
                            <InstdAmt>
                                <Amt Ccy="EUR">341.34</Amt>
                            </InstdAmt>
                        </AmtDtls>
                        <RltdPties>
                            <InitgPty>
                                <Nm>ADAMIČKA MILOŠ</Nm>
                            </InitgPty>
                            <TradgPty>
                                <Nm>Metro Zilina</Nm>
                            </TradgPty>
                            <Prtry>
                                <Tp>CardAssociation</Tp>
                                <Pty>
                                    <Nm>VISA</Nm>
                                </Pty>
                            </Prtry>
                        </RltdPties>
                        <RltdAgts>
                            <Prtry>
                                <Tp>CardAcquier</Tp>
                                <Agt>
                                    <FinInstnId/>
                                    <BrnchId>
                                        <Nm>Metro Zilina</Nm>
                                        <PstlAdr>
                                            <AdrLine>Zilina</AdrLine>
                                        </PstlAdr>
                                    </BrnchId>
                                </Agt>
                            </Prtry>
                            <Prtry>
                                <Tp>CardIssuer</Tp>
                                <Agt>
                                    <FinInstnId>
                                        <BIC>TATRSKBXXXX</BIC>
                                        <Nm>Tatra banka a.s.</Nm>
                                    </FinInstnId>
                                </Agt>
                            </Prtry>
                        </RltdAgts>
                        <RltdDts>
                            <TxDtTm>2020-03-03T10:24:26.0+01:00</TxDtTm>
                            <Prtry>
                                <Tp>CMSProcessing</Tp>
                                <Dt>
                                    <Dt>2020-03-02</Dt>
                                </Dt>
                            </Prtry>
                            <Prtry>
                                <Tp>POSTransaction</Tp>
                                <Dt>
                                    <DtTm>2020-02-29T09:08:19.0+01:00</DtTm>
                                </Dt>
                            </Prtry>
                        </RltdDts>
                    </TxDtls>
                </NtryDtls>
                <AddtlNtryInf>&lt;NtryInf Ctg="Crd410" Ini="POS" BkCh="ISS" Mthd="O" CPAL="I" MCC="5411"
                    xmlns="urn:CurrentAccount:Statements:DataFile"&gt;&lt;Nrtv&gt;VE POS nákup&lt;/Nrtv&gt;&lt;/NtryInf&gt;
                </AddtlNtryInf>
            </Ntry>
            <Ntry>
                <NtryRef>2016947585029</NtryRef>
                <Amt Ccy="EUR">441.90</Amt>
                <CdtDbtInd>CRDT</CdtDbtInd>
                <Sts>BOOK</Sts>
                <BookgDt>
                    <Dt>2020-03-03</Dt>
                </BookgDt>
                <ValDt>
                    <Dt>2020-03-03</Dt>
                </ValDt>
                <BkTxCd>
                    <Prtry>
                        <Cd>10000403000</Cd>
                        <Issr>SBA</Issr>
                    </Prtry>
                </BkTxCd>
                <NtryDtls>
                    <TxDtls>
                        <Refs>
                            <AcctSvcrRef>PP20030392476180</AcctSvcrRef>
                            <EndToEndId>/VS20200026/SS/KS0008</EndToEndId>
                            <TxId>2006212054280373</TxId>
                            <Prtry>
                                <Tp>BulkID</Tp>
                                <Ref>PB20030392499315</Ref>
                            </Prtry>
                        </Refs>
                        <BkTxCd>
                            <Domn>
                                <Cd>PMNT</Cd>
                                <Fmly>
                                    <Cd>RCDT</Cd>
                                    <SubFmlyCd>ESCT</SubFmlyCd>
                                </Fmly>
                            </Domn>
                        </BkTxCd>
                        <RltdPties>
                            <Dbtr>
                                <Nm>KORUNA S.R.O.</Nm>
                                <PstlAdr>
                                    <Ctry>SK</Ctry>
                                    <AdrLine>Bytčianska 114/15</AdrLine>
                                    <AdrLine>01003 Žilina</AdrLine>
                                </PstlAdr>
                            </Dbtr>
                            <DbtrAcct>
                                <Id>
                                    <IBAN>SK1702000000001705682755</IBAN>
                                </Id>
                            </DbtrAcct>
                        </RltdPties>
                        <RltdAgts>
                            <DbtrAgt>
                                <FinInstnId>
                                    <BIC>SUBASKBX</BIC>
                                </FinInstnId>
                            </DbtrAgt>
                        </RltdAgts>
                        <Purp>
                            <Cd>OTHR</Cd>
                        </Purp>
                        <RmtInf>
                            <Ustrd>M - TINKER, s. r. o.</Ustrd>
                        </RmtInf>
                        <RltdDts>
                            <IntrBkSttlmDt>2020-03-03</IntrBkSttlmDt>
                            <TxDtTm>2020-03-03T09:32:44.1+01:00</TxDtTm>
                        </RltdDts>
                    </TxDtls>
                </NtryDtls>
                <AddtlNtryInf>&lt;NtryInf Ctg="Pay310" Ini="***" BkCh="PTS" Mthd="S" CPAL="D" CtgPurp="CASH"
                    xmlns="urn:CurrentAccount:Statements:DataFile"&gt;&lt;Nrtv&gt;PLATBA 0200/000000-1705682755&lt;/Nrtv&gt;&lt;/NtryInf&gt;
                </AddtlNtryInf>
            </Ntry>
            <AddtlStmtInf>výpis na požiadanie</AddtlStmtInf>
        </Stmt>
    </BkToCstmrStmt>
</Document>