<?xml version="1.0" encoding="UTF-8" ?>
<Document xmlns="urn:iso:std:iso:20022:tech:xsd:camt.053.001.02">
    <BkToCstmrStmt>
        <GrpHdr>
            <MsgId>GIBASKBX-200210-SEPAXML~22315000</MsgId>
            <CreDtTm>2020-02-10T23:55:33.0+01:00</CreDtTm>
            <MsgRcpt>
                <Nm>REGEM GROUP s.r.o.</Nm>
                <PstlAdr>
                    <StrtNm>Male Kosecke Podhradie 209</StrtNm>
                    <PstCd>01831</PstCd>
                    <TwnNm>Kosecke Podhradie</TwnNm>
                    <Ctry>SK</Ctry>
                </PstlAdr>
                <Id>
                    <OrgId>
                        <Othr>
                            <Id>REGEM GROUP s.r.o.</Id>
                        </Othr>
                    </OrgId>
                </Id>
            </MsgRcpt>
        </GrpHdr>
        <Stmt>
            <Id>SK3709000000005158209077-2020-02-10</Id>
            <ElctrncSeqNb>1</ElctrncSeqNb>
            <LglSeqNb>1</LglSeqNb>
            <CreDtTm>2020-02-10T23:55:33.0+01:00</CreDtTm>
            <FrToDt>
                <FrDtTm>2020-02-08T00:00:00.0+01:00</FrDtTm>
                <ToDtTm>2020-02-10T23:59:59.0+01:00</ToDtTm>
            </FrToDt>
            <Acct>
                <Id>
                    <IBAN>SK3709000000005158209077</IBAN>
                </Id>
                <Ccy>EUR</Ccy>
                <Nm>REGEM GROUP s.r.o.</Nm>
                <Ownr>
                    <Nm>REGEM GROUP s.r.o.</Nm>
                    <PstlAdr>
                        <StrtNm>Male Kosecke Podhradie 209</StrtNm>
                        <PstCd>01831</PstCd>
                        <TwnNm>Kosecke Podhradie</TwnNm>
                        <Ctry>SK</Ctry>
                    </PstlAdr>
                    <Id>
                        <OrgId>
                            <Othr>
                                <Id>REGEM GROUP s.r.o.</Id>
                            </Othr>
                        </OrgId>
                    </Id>
                </Ownr>
                <Svcr>
                    <FinInstnId>
                        <BIC>GIBASKBX</BIC>
                        <Nm>Slovenska sporitelna, a.s.</Nm>
                        <PstlAdr>
                            <StrtNm>Tomasikova</StrtNm>
                            <BldgNb>48</BldgNb>
                            <PstCd>83237</PstCd>
                            <TwnNm>Bratislava</TwnNm>
                            <Ctry>SK</Ctry>
                        </PstlAdr>
                        <Othr>
                            <Id>0900</Id>
                        </Othr>
                    </FinInstnId>
                </Svcr>
            </Acct>
            <Bal>
                <Tp>
                    <CdOrPrtry>
                        <Cd>PRCD</Cd>
                    </CdOrPrtry>
                </Tp>
                <Amt Ccy="EUR">5264.78</Amt>
                <CdtDbtInd>CRDT</CdtDbtInd>
                <Dt>
                    <Dt>2020-02-08</Dt>
                </Dt>
            </Bal>
            <Bal>
                <Tp>
                    <CdOrPrtry>
                        <Cd>CLBD</Cd>
                    </CdOrPrtry>
                </Tp>
                <Amt Ccy="EUR">3504.98</Amt>
                <CdtDbtInd>CRDT</CdtDbtInd>
                <Dt>
                    <Dt>2020-02-10</Dt>
                </Dt>
            </Bal>
            <Bal>
                <Tp>
                    <CdOrPrtry>
                        <Cd>CLAV</Cd>
                    </CdOrPrtry>
                </Tp>
                <CdtLine>
                    <Incl>true</Incl>
                    <Amt Ccy="EUR">0</Amt>
                </CdtLine>
                <Amt Ccy="EUR">3504.98</Amt>
                <CdtDbtInd>CRDT</CdtDbtInd>
                <Dt>
                    <Dt>2020-02-10</Dt>
                </Dt>
            </Bal>
            <TxsSummry>
                <TtlNtries>
                    <NbOfNtries>4</NbOfNtries>
                    <Sum>1759.8</Sum>
                    <TtlNetNtryAmt>1759.8</TtlNetNtryAmt>
                    <CdtDbtInd>DBIT</CdtDbtInd>
                </TtlNtries>
                <TtlCdtNtries>
                    <NbOfNtries>0</NbOfNtries>
                    <Sum>0</Sum>
                </TtlCdtNtries>
                <TtlDbtNtries>
                    <NbOfNtries>4</NbOfNtries>
                    <Sum>1759.8</Sum>
                </TtlDbtNtries>
            </TxsSummry>
            <Ntry>
                <Amt Ccy="EUR">1080</Amt>
                <CdtDbtInd>DBIT</CdtDbtInd>
                <RvslInd>false</RvslInd>
                <Sts>BOOK</Sts>
                <BookgDt>
                    <Dt>2020-02-10</Dt>
                </BookgDt>
                <ValDt>
                    <Dt>2020-02-10</Dt>
                </ValDt>
                <BkTxCd>
                    <Prtry>
                        <Cd>10000401000</Cd>
                        <Issr>SBA</Issr>
                    </Prtry>
                </BkTxCd>
                <NtryDtls>
                    <TxDtls>
                        <Refs>
                            <AcctSvcrRef>F001100220203454394</AcctSvcrRef>
                            <EndToEndId>/VS52266362/SS/KS</EndToEndId>
                        </Refs>
                        <BkTxCd>
                            <Prtry>
                                <Cd>10000401000</Cd>
                                <Issr>SBA</Issr>
                            </Prtry>
                        </BkTxCd>
                        <RltdPties>
                            <DbtrAcct>
                                <Id>
                                    <IBAN>SK3709000000005158209077</IBAN>
                                </Id>
                                <Nm>REGEM GROUP s.r.o.</Nm>
                            </DbtrAcct>
                            <CdtrAcct>
                                <Id>
                                    <IBAN>SK0811000000002620801553</IBAN>
                                </Id>
                                <Nm>Tss Group</Nm>
                            </CdtrAcct>
                        </RltdPties>
                        <RltdAgts>
                            <DbtrAgt>
                                <FinInstnId>
                                    <BIC>GIBASKBX</BIC>
                                </FinInstnId>
                            </DbtrAgt>
                            <CdtrAgt>
                                <FinInstnId>
                                    <BIC>TATRSKBX</BIC>
                                </FinInstnId>
                            </CdtrAgt>
                        </RltdAgts>
                        <RmtInf>
                            <Ustrd>najom dca</Ustrd>
                        </RmtInf>
                    </TxDtls>
                </NtryDtls>
            </Ntry>
            <Ntry>
                <Amt Ccy="EUR">540</Amt>
                <CdtDbtInd>DBIT</CdtDbtInd>
                <RvslInd>false</RvslInd>
                <Sts>BOOK</Sts>
                <BookgDt>
                    <Dt>2020-02-10</Dt>
                </BookgDt>
                <ValDt>
                    <Dt>2020-02-10</Dt>
                </ValDt>
                <BkTxCd>
                    <Prtry>
                        <Cd>10000401000</Cd>
                        <Issr>SBA</Issr>
                    </Prtry>
                </BkTxCd>
                <NtryDtls>
                    <TxDtls>
                        <Refs>
                            <AcctSvcrRef>F001100220203454504</AcctSvcrRef>
                            <EndToEndId>/VS52266362/SS/KS</EndToEndId>
                        </Refs>
                        <BkTxCd>
                            <Prtry>
                                <Cd>10000401000</Cd>
                                <Issr>SBA</Issr>
                            </Prtry>
                        </BkTxCd>
                        <RltdPties>
                            <DbtrAcct>
                                <Id>
                                    <IBAN>SK3709000000005158209077</IBAN>
                                </Id>
                                <Nm>REGEM GROUP s.r.o.</Nm>
                            </DbtrAcct>
                            <CdtrAcct>
                                <Id>
                                    <IBAN>SK0811000000002620801553</IBAN>
                                </Id>
                                <Nm>Tss Group</Nm>
                            </CdtrAcct>
                        </RltdPties>
                        <RltdAgts>
                            <DbtrAgt>
                                <FinInstnId>
                                    <BIC>GIBASKBX</BIC>
                                </FinInstnId>
                            </DbtrAgt>
                            <CdtrAgt>
                                <FinInstnId>
                                    <BIC>TATRSKBX</BIC>
                                </FinInstnId>
                            </CdtrAgt>
                        </RltdAgts>
                        <RmtInf>
                            <Ustrd>energie DCA</Ustrd>
                        </RmtInf>
                    </TxDtls>
                </NtryDtls>
            </Ntry>
            <Ntry>
                <Amt Ccy="EUR">79.2</Amt>
                <CdtDbtInd>DBIT</CdtDbtInd>
                <RvslInd>false</RvslInd>
                <Sts>BOOK</Sts>
                <BookgDt>
                    <Dt>2020-02-10</Dt>
                </BookgDt>
                <ValDt>
                    <Dt>2020-02-10</Dt>
                </ValDt>
                <BkTxCd>
                    <Prtry>
                        <Cd>10000401000</Cd>
                        <Issr>SBA</Issr>
                    </Prtry>
                </BkTxCd>
                <NtryDtls>
                    <TxDtls>
                        <Refs>
                            <AcctSvcrRef>F001100220203454575</AcctSvcrRef>
                            <EndToEndId>/VS52266362/SS/KS0308</EndToEndId>
                        </Refs>
                        <BkTxCd>
                            <Prtry>
                                <Cd>10000401000</Cd>
                                <Issr>SBA</Issr>
                            </Prtry>
                        </BkTxCd>
                        <RltdPties>
                            <DbtrAcct>
                                <Id>
                                    <IBAN>SK3709000000005158209077</IBAN>
                                </Id>
                                <Nm>REGEM GROUP s.r.o.</Nm>
                            </DbtrAcct>
                            <CdtrAcct>
                                <Id>
                                    <IBAN>SK6575000000004005930969</IBAN>
                                </Id>
                                <Nm>ARISTOS</Nm>
                            </CdtrAcct>
                        </RltdPties>
                        <RltdAgts>
                            <DbtrAgt>
                                <FinInstnId>
                                    <BIC>GIBASKBX</BIC>
                                </FinInstnId>
                            </DbtrAgt>
                            <CdtrAgt>
                                <FinInstnId>
                                    <BIC>CEKOSKBX</BIC>
                                </FinInstnId>
                            </CdtrAgt>
                        </RltdAgts>
                        <RmtInf>
                            <Ustrd>zabezpecenie ochrany DCA a NDCA</Ustrd>
                        </RmtInf>
                    </TxDtls>
                </NtryDtls>
            </Ntry>
            <Ntry>
                <Amt Ccy="EUR">60.6</Amt>
                <CdtDbtInd>DBIT</CdtDbtInd>
                <RvslInd>false</RvslInd>
                <Sts>BOOK</Sts>
                <BookgDt>
                    <Dt>2020-02-10</Dt>
                </BookgDt>
                <ValDt>
                    <Dt>2020-02-10</Dt>
                </ValDt>
                <BkTxCd>
                    <Prtry>
                        <Cd>10000401000</Cd>
                        <Issr>SBA</Issr>
                    </Prtry>
                </BkTxCd>
                <NtryDtls>
                    <TxDtls>
                        <Refs>
                            <AcctSvcrRef>F001100220204044773</AcctSvcrRef>
                            <EndToEndId>/VS88063118/SS1570348145/KS0308</EndToEndId>
                        </Refs>
                        <BkTxCd>
                            <Prtry>
                                <Cd>10000401000</Cd>
                                <Issr>SBA</Issr>
                            </Prtry>
                        </BkTxCd>
                        <RltdPties>
                            <DbtrAcct>
                                <Id>
                                    <IBAN>SK3709000000005158209077</IBAN>
                                </Id>
                                <Nm>REGEM GROUP s.r.o.</Nm>
                            </DbtrAcct>
                            <CdtrAcct>
                                <Id>
                                    <IBAN>SK1109000000000630964920</IBAN>
                                </Id>
                                <Nm>O2</Nm>
                            </CdtrAcct>
                        </RltdPties>
                        <RltdAgts>
                            <DbtrAgt>
                                <FinInstnId>
                                    <BIC>GIBASKBX</BIC>
                                </FinInstnId>
                            </DbtrAgt>
                            <CdtrAgt>
                                <FinInstnId>
                                    <BIC>GIBASKBX</BIC>
                                </FinInstnId>
                            </CdtrAgt>
                        </RltdAgts>
                        <RmtInf>
                            <Ustrd>O2: od 01.01.2020 do 31.01.2020</Ustrd>
                        </RmtInf>
                    </TxDtls>
                </NtryDtls>
            </Ntry>
        </Stmt>
    </BkToCstmrStmt>
</Document>