<?xml version="1.0" encoding="UTF-8" ?>
<Document xmlns="urn:iso:std:iso:20022:tech:xsd:camt.053.001.02">
    <BkToCstmrStmt>
        <GrpHdr>
            <MsgId>GIBASKBX-200501-SEPAXML~22315000</MsgId>
            <CreDtTm>2020-05-01T00:34:08.0+02:00</CreDtTm>
            <MsgRcpt>
                <Nm>REGEM GROUP s.r.o.</Nm>
                <PstlAdr>
                    <StrtNm>Male Kosecke Podhradie 209</StrtNm>
                    <PstCd>01831</PstCd>
                    <TwnNm>Kosecke Podhradie</TwnNm>
                    <Ctry>SK</Ctry>
                </PstlAdr>
                <Id>
                    <OrgId>
                        <Othr>
                            <Id>REGEM GROUP s.r.o.</Id>
                        </Othr>
                    </OrgId>
                </Id>
            </MsgRcpt>
        </GrpHdr>
        <Stmt>
            <Id>SK3709000000005158209077-2020-04-30</Id>
            <ElctrncSeqNb>25</ElctrncSeqNb>
            <LglSeqNb>25</LglSeqNb>
            <CreDtTm>2020-05-01T00:34:08.0+02:00</CreDtTm>
            <FrToDt>
                <FrDtTm>2020-04-21T00:00:00.0+02:00</FrDtTm>
                <ToDtTm>2020-04-30T23:59:59.0+02:00</ToDtTm>
            </FrToDt>
            <Acct>
                <Id>
                    <IBAN>SK3709000000005158209077</IBAN>
                </Id>
                <Ccy>EUR</Ccy>
                <Nm>REGEM GROUP s.r.o.</Nm>
                <Ownr>
                    <Nm>REGEM GROUP s.r.o.</Nm>
                    <PstlAdr>
                        <StrtNm>Male Kosecke Podhradie 209</StrtNm>
                        <PstCd>01831</PstCd>
                        <TwnNm>Kosecke Podhradie</TwnNm>
                        <Ctry>SK</Ctry>
                    </PstlAdr>
                    <Id>
                        <OrgId>
                            <Othr>
                                <Id>REGEM GROUP s.r.o.</Id>
                            </Othr>
                        </OrgId>
                    </Id>
                </Ownr>
                <Svcr>
                    <FinInstnId>
                        <BIC>GIBASKBX</BIC>
                        <Nm>Slovenska sporitelna, a.s.</Nm>
                        <PstlAdr>
                            <StrtNm>Tomasikova</StrtNm>
                            <BldgNb>48</BldgNb>
                            <PstCd>83237</PstCd>
                            <TwnNm>Bratislava</TwnNm>
                            <Ctry>SK</Ctry>
                        </PstlAdr>
                        <Othr>
                            <Id>0900</Id>
                        </Othr>
                    </FinInstnId>
                </Svcr>
            </Acct>
            <Bal>
                <Tp>
                    <CdOrPrtry>
                        <Cd>PRCD</Cd>
                    </CdOrPrtry>
                </Tp>
                <Amt Ccy="EUR">996.12</Amt>
                <CdtDbtInd>CRDT</CdtDbtInd>
                <Dt>
                    <Dt>2020-04-21</Dt>
                </Dt>
            </Bal>
            <Bal>
                <Tp>
                    <CdOrPrtry>
                        <Cd>CLBD</Cd>
                    </CdOrPrtry>
                </Tp>
                <Amt Ccy="EUR">5126.94</Amt>
                <CdtDbtInd>CRDT</CdtDbtInd>
                <Dt>
                    <Dt>2020-04-30</Dt>
                </Dt>
            </Bal>
            <Bal>
                <Tp>
                    <CdOrPrtry>
                        <Cd>CLAV</Cd>
                    </CdOrPrtry>
                </Tp>
                <CdtLine>
                    <Incl>true</Incl>
                    <Amt Ccy="EUR">0</Amt>
                </CdtLine>
                <Amt Ccy="EUR">5126.94</Amt>
                <CdtDbtInd>CRDT</CdtDbtInd>
                <Dt>
                    <Dt>2020-04-30</Dt>
                </Dt>
            </Bal>
            <TxsSummry>
                <TtlNtries>
                    <NbOfNtries>6</NbOfNtries>
                    <Sum>4350.62</Sum>
                    <TtlNetNtryAmt>4130.82</TtlNetNtryAmt>
                    <CdtDbtInd>CRDT</CdtDbtInd>
                </TtlNtries>
                <TtlCdtNtries>
                    <NbOfNtries>2</NbOfNtries>
                    <Sum>4240.72</Sum>
                </TtlCdtNtries>
                <TtlDbtNtries>
                    <NbOfNtries>4</NbOfNtries>
                    <Sum>109.9</Sum>
                </TtlDbtNtries>
            </TxsSummry>
            <Ntry>
                <Amt Ccy="EUR">100</Amt>
                <CdtDbtInd>DBIT</CdtDbtInd>
                <RvslInd>false</RvslInd>
                <Sts>BOOK</Sts>
                <BookgDt>
                    <Dt>2020-04-30</Dt>
                </BookgDt>
                <ValDt>
                    <Dt>2020-04-30</Dt>
                </ValDt>
                <BkTxCd>
                    <Prtry>
                        <Cd>10000401000</Cd>
                        <Issr>SBA</Issr>
                    </Prtry>
                </BkTxCd>
                <NtryDtls>
                    <TxDtls>
                        <Refs>
                            <AcctSvcrRef>F001300420202464182</AcctSvcrRef>
                            <EndToEndId>/VS4335551628/SS2107858903/KS0308</EndToEndId>
                        </Refs>
                        <BkTxCd>
                            <Prtry>
                                <Cd>10000401000</Cd>
                                <Issr>SBA</Issr>
                            </Prtry>
                        </BkTxCd>
                        <RltdPties>
                            <DbtrAcct>
                                <Id>
                                    <IBAN>SK3709000000005158209077</IBAN>
                                </Id>
                                <Nm>REGEM GROUP s.r.o.</Nm>
                            </DbtrAcct>
                            <CdtrAcct>
                                <Id>
                                    <IBAN>SK9209000000000634506775</IBAN>
                                </Id>
                                <Nm>NOTPROVIDED</Nm>
                            </CdtrAcct>
                        </RltdPties>
                        <RltdAgts>
                            <DbtrAgt>
                                <FinInstnId>
                                    <BIC>GIBASKBX</BIC>
                                </FinInstnId>
                            </DbtrAgt>
                            <CdtrAgt>
                                <FinInstnId>
                                    <BIC>GIBASKBX</BIC>
                                </FinInstnId>
                            </CdtrAgt>
                        </RltdAgts>
                        <RmtInf>
                            <Ustrd>Platobny prikaz na uhradu (EB Sporopay)</Ustrd>
                        </RmtInf>
                    </TxDtls>
                </NtryDtls>
            </Ntry>
            <Ntry>
                <NtryRef>1200001663762065</NtryRef>
                <Amt Ccy="EUR">240.72</Amt>
                <CdtDbtInd>CRDT</CdtDbtInd>
                <RvslInd>false</RvslInd>
                <Sts>BOOK</Sts>
                <BookgDt>
                    <Dt>2020-04-30</Dt>
                </BookgDt>
                <ValDt>
                    <Dt>2020-04-30</Dt>
                </ValDt>
                <BkTxCd>
                    <Prtry>
                        <Cd>10000403000</Cd>
                        <Issr>SBA</Issr>
                    </Prtry>
                </BkTxCd>
                <NtryDtls>
                    <TxDtls>
                        <Refs>
                            <MsgId>103020200422005711-1</MsgId>
                            <AcctSvcrRef>F001300420202526632</AcctSvcrRef>
                            <InstrId>CITISEPA200429000125900001681</InstrId>
                            <EndToEndId>2155752744</EndToEndId>
                        </Refs>
                        <BkTxCd>
                            <Prtry>
                                <Cd>10000403000</Cd>
                                <Issr>SBA</Issr>
                            </Prtry>
                        </BkTxCd>
                        <RltdPties>
                            <DbtrAcct>
                                <Id>
                                    <IBAN>NL48CITI0266017517</IBAN>
                                </Id>
                                <Nm>CCHBC Finance BV</Nm>
                            </DbtrAcct>
                            <UltmtDbtr>
                                <Nm>Coca-Cola HBC CR a SR sro</Nm>
                            </UltmtDbtr>
                            <CdtrAcct>
                                <Id>
                                    <IBAN>SK3709000000005158209077</IBAN>
                                </Id>
                                <Nm>REGEM GROUP s.r.o.</Nm>
                            </CdtrAcct>
                        </RltdPties>
                        <RltdAgts>
                            <DbtrAgt>
                                <FinInstnId>
                                    <BIC>CITINL2X</BIC>
                                </FinInstnId>
                            </DbtrAgt>
                            <CdtrAgt>
                                <FinInstnId>
                                    <BIC>GIBASKBX</BIC>
                                </FinInstnId>
                            </CdtrAgt>
                        </RltdAgts>
                        <RmtInf>
                            <Ustrd>Platba za CocaCola HBCCesko a Slovensko sro SK</Ustrd>
                        </RmtInf>
                    </TxDtls>
                </NtryDtls>
            </Ntry>
            <Ntry>
                <Amt Ccy="EUR">4000</Amt>
                <CdtDbtInd>CRDT</CdtDbtInd>
                <RvslInd>false</RvslInd>
                <Sts>BOOK</Sts>
                <BookgDt>
                    <Dt>2020-04-30</Dt>
                </BookgDt>
                <ValDt>
                    <Dt>2020-04-30</Dt>
                </ValDt>
                <BkTxCd>
                    <Prtry>
                        <Cd>20000101000</Cd>
                        <Issr>SBA</Issr>
                    </Prtry>
                </BkTxCd>
                <NtryDtls>
                    <TxDtls>
                        <Refs>
                            <AcctSvcrRef>6868020842</AcctSvcrRef>
                        </Refs>
                        <BkTxCd>
                            <Prtry>
                                <Cd>20000101000</Cd>
                                <Issr>SBA</Issr>
                            </Prtry>
                        </BkTxCd>
                        <RltdPties>
                            <CdtrAcct>
                                <Id>
                                    <IBAN>SK3709000000005158209077</IBAN>
                                </Id>
                                <Nm>REGEM GROUP s.r.o.</Nm>
                            </CdtrAcct>
                        </RltdPties>
                        <RltdAgts>
                            <CdtrAgt>
                                <FinInstnId>
                                    <BIC>GIBASKBX</BIC>
                                </FinInstnId>
                            </CdtrAgt>
                        </RltdAgts>
                    </TxDtls>
                </NtryDtls>
            </Ntry>
            <Ntry>
                <Amt Ccy="EUR">3</Amt>
                <CdtDbtInd>DBIT</CdtDbtInd>
                <RvslInd>false</RvslInd>
                <Sts>BOOK</Sts>
                <BookgDt>
                    <Dt>2020-04-30</Dt>
                </BookgDt>
                <ValDt>
                    <Dt>2020-04-30</Dt>
                </ValDt>
                <BkTxCd>
                    <Prtry>
                        <Cd>40000605000</Cd>
                        <Issr>SBA</Issr>
                    </Prtry>
                </BkTxCd>
                <NtryDtls>
                    <TxDtls>
                        <Refs>
                            <AcctSvcrRef>6868020843</AcctSvcrRef>
                            <EndToEndId>/VS/SS/KS0898</EndToEndId>
                        </Refs>
                        <BkTxCd>
                            <Prtry>
                                <Cd>40000605000</Cd>
                                <Issr>SBA</Issr>
                            </Prtry>
                        </BkTxCd>
                        <RltdPties>
                            <DbtrAcct>
                                <Id>
                                    <IBAN>SK3709000000005158209077</IBAN>
                                </Id>
                            </DbtrAcct>
                        </RltdPties>
                        <RltdAgts>
                            <DbtrAgt>
                                <FinInstnId>
                                    <BIC>GIBASKBX</BIC>
                                </FinInstnId>
                            </DbtrAgt>
                        </RltdAgts>
                        <RmtInf>
                            <Ustrd>Poplatok za vklad hotovosti</Ustrd>
                        </RmtInf>
                    </TxDtls>
                </NtryDtls>
            </Ntry>
            <Ntry>
                <Amt Ccy="EUR">0</Amt>
                <CdtDbtInd>DBIT</CdtDbtInd>
                <RvslInd>false</RvslInd>
                <Sts>BOOK</Sts>
                <BookgDt>
                    <Dt>2020-04-30</Dt>
                </BookgDt>
                <ValDt>
                    <Dt>2020-04-30</Dt>
                </ValDt>
                <BkTxCd>
                    <Prtry>
                        <Cd>40000605000</Cd>
                        <Issr>SBA</Issr>
                    </Prtry>
                </BkTxCd>
                <NtryDtls>
                    <TxDtls>
                        <Refs>
                            <AcctSvcrRef>6870301438</AcctSvcrRef>
                            <EndToEndId>/VS/SS/KS0898</EndToEndId>
                        </Refs>
                        <BkTxCd>
                            <Prtry>
                                <Cd>40000605000</Cd>
                                <Issr>SBA</Issr>
                            </Prtry>
                        </BkTxCd>
                        <RltdPties>
                            <DbtrAcct>
                                <Id>
                                    <IBAN>SK3709000000005158209077</IBAN>
                                </Id>
                            </DbtrAcct>
                        </RltdPties>
                        <RltdAgts>
                            <DbtrAgt>
                                <FinInstnId>
                                    <BIC>GIBASKBX</BIC>
                                </FinInstnId>
                            </DbtrAgt>
                        </RltdAgts>
                        <RmtInf>
                            <Ustrd>Transakcie_20</Ustrd>
                        </RmtInf>
                    </TxDtls>
                </NtryDtls>
            </Ntry>
            <Ntry>
                <Amt Ccy="EUR">6.9</Amt>
                <CdtDbtInd>DBIT</CdtDbtInd>
                <RvslInd>false</RvslInd>
                <Sts>BOOK</Sts>
                <BookgDt>
                    <Dt>2020-04-30</Dt>
                </BookgDt>
                <ValDt>
                    <Dt>2020-04-30</Dt>
                </ValDt>
                <BkTxCd>
                    <Prtry>
                        <Cd>40000605000</Cd>
                        <Issr>SBA</Issr>
                    </Prtry>
                </BkTxCd>
                <NtryDtls>
                    <TxDtls>
                        <Refs>
                            <AcctSvcrRef>6870685828</AcctSvcrRef>
                            <EndToEndId>/VS/SS/KS0898</EndToEndId>
                        </Refs>
                        <BkTxCd>
                            <Prtry>
                                <Cd>40000605000</Cd>
                                <Issr>SBA</Issr>
                            </Prtry>
                        </BkTxCd>
                        <RltdPties>
                            <DbtrAcct>
                                <Id>
                                    <IBAN>SK3709000000005158209077</IBAN>
                                </Id>
                            </DbtrAcct>
                        </RltdPties>
                        <RltdAgts>
                            <DbtrAgt>
                                <FinInstnId>
                                    <BIC>GIBASKBX</BIC>
                                </FinInstnId>
                            </DbtrAgt>
                        </RltdAgts>
                        <RmtInf>
                            <Ustrd>Poplatok za vedenie uctu</Ustrd>
                        </RmtInf>
                    </TxDtls>
                </NtryDtls>
            </Ntry>
        </Stmt>
    </BkToCstmrStmt>
</Document>